@ARTICLE {Dean,
    author  = "Dean De Cock",
    title   = "Ames, Iowa: Alternative to the Boston Housing Data as an  End of Semester Regression Project",
    journal = "Journal of Statistics Education",
    year    = "2011",
    volume  = "19",
    number  = "3"
}
@ONLINE {yannlecuncorinnacorteschristopherj.c.burges1999,
    author = "Yann LeCun, Corinna Cortes, Christopher J.C. Burges",
    year   = "1999",
    url    = "http://yann.lecun.com/exdb/mnist/"
}
@ONLINE {FlickrLogos-32,
    title = "FlickrLogos-32",
    year  = "2011",
    url   = "http://www.multimedia-computing.de/flickrlogos/"
}
@article{cortez2009modeling,
  title={Modeling wine preferences by data mining from physicochemical properties},
  author={Cortez, Paulo and Cerdeira, Ant{\'o}nio and Almeida, Fernando and Matos, Telmo and Reis, Jos{\'e}},
  journal={Decision Support Systems},
  volume={47},
  number={4},
  pages={547--553},
  year={2009},
  publisher={Elsevier}
}

@article{friedman2001greedy,
  title={Greedy Function Approximation: Gradient Boosting Algorithm},
  author={Friedman, Jerome},
  journal={Annals of Statistics},
  volume={29},
  number={5},
  pages={1189--1232},
  year={2001},
  publisher={Institute of Mathmathical Statistics}
}

@article{ein1987attributes,
  title={Attributes of the performance of central processing units: a relative performance prediction model},
  author={Ein-Dor, Phillip and Feldmesser, Jacob},
  journal={Communications of the ACM},
  volume={30},
  number={4},
  pages={308--317},
  year={1987},
  publisher={ACM}
}

@inproceedings{chen2016xgboost,
  title={Xgboost: A scalable tree boosting system},
  author={Chen, Tianqi and Guestrin, Carlos},
  booktitle={Proceedings of the 22nd acm sigkdd international conference on knowledge discovery and data mining},
  pages={785--794},
  year={2016},
  organization={ACM}
}
@book{mohri2012foundations,
  title={Foundations of machine learning},
  author={Mohri, Mehryar and Rostamizadeh, Afshin and Talwalkar, Ameet},
  year={2012},
  publisher={MIT press}
}
@book{schapire2012boosting,
  title={Boosting: Foundations and algorithms},
  author={Schapire, Robert E and Freund, Yoav},
  year={2012},
  publisher={MIT press}
}

@article{mcdonald2003empirical,
  title={An empirical comparison of three boosting algorithms on real data sets with artificial class noise},
  author={McDonald, Ross and Hand, David and Eckley, Idris},
  journal={Multiple Classifier Systems},
  pages={161--161},
  year={2003},
  publisher={Springer}
}

@article{long2010random,
  title={Random classification noise defeats all convex potential boosters},
  author={Long, Philip M and Servedio, Rocco A},
  journal={Machine learning},
  volume={78},
  number={3},
  pages={287--304},
  year={2010},
  publisher={Springer}
}

@article{schapire1999improved,
  title={Improved boosting algorithms using confidence-rated predictions},
  author={Schapire, Robert E and Singer, Yoram},
  journal={Machine learning},
  volume={37},
  number={3},
  pages={297--336},
  year={1999},
  publisher={Springer}
}

@ARTICLE {adaorig,
    author  = "Freund, Yoav; Schapire, Robert E",
    title   = "A decision-theoretic generalization of on-line learning and an application to boosting",
    journal = "Journal of Computer and System Sciences",
    year    = "1997",
    volume  = "55",
    number  = "119"
}

@misc{adalecture,
  author        = {Patrick Winston},
  title         = {Learning:Boosting},
  month         = {Janurary},
  year          = {2014},
  publisher={MITopencourseware}
}